<marcxml:record xmlns:xlink="http://www.w3.org/1999/xlink" xmlns:marcxml="http://www.loc.gov/MARC21/slim" xmlns:rdf="http://www.w3.org/1999/02/22-rdf-syntax-ns#" xmlns:madsrdf="http://www.loc.gov/mads/rdf/v1#" xmlns:ri="http://id.loc.gov/ontologies/RecordInfo#" xmlns:xsi="http://www.w3.org/2001/XMLSchema-instance" xmlns:idx="info:lc/xq-modules/lcindex" xmlns:semtriples="http://marklogic.com/semantic" xmlns:mets="http://www.loc.gov/METS/" xmlns:streams="info:lc/streams#">
            <marcxml:leader>01492cz  a2200325n  4500</marcxml:leader>
            <marcxml:controlfield tag="001">n80158653</marcxml:controlfield>
            <marcxml:controlfield tag="003">DLC</marcxml:controlfield>
            <marcxml:controlfield tag="005">20170911164958.0</marcxml:controlfield>
            <marcxml:controlfield tag="008">801209n| azannaabn          |a aaa      </marcxml:controlfield>
            <marcxml:datafield tag="010" ind1=" " ind2=" ">
              <marcxml:subfield code="a">n  80158653 </marcxml:subfield>
            </marcxml:datafield>
            <marcxml:datafield tag="035" ind1=" " ind2=" ">
              <marcxml:subfield code="a">(OCoLC)oca00538529</marcxml:subfield>
            </marcxml:datafield>
            <marcxml:datafield tag="040" ind1=" " ind2=" ">
              <marcxml:subfield code="a">DLC</marcxml:subfield>
              <marcxml:subfield code="b">eng</marcxml:subfield>
              <marcxml:subfield code="e">rda</marcxml:subfield>
              <marcxml:subfield code="c">DLC</marcxml:subfield>
              <marcxml:subfield code="d">DLC</marcxml:subfield>
              <marcxml:subfield code="d">OOxM-Mu</marcxml:subfield>
              <marcxml:subfield code="d">DLC</marcxml:subfield>
              <marcxml:subfield code="d">UPB</marcxml:subfield>
            </marcxml:datafield>
            <marcxml:datafield tag="046" ind1=" " ind2=" ">
              <marcxml:subfield code="f">1922-08-15</marcxml:subfield>
              <marcxml:subfield code="g">2009-02-01</marcxml:subfield>
              <marcxml:subfield code="2">edtf</marcxml:subfield>
            </marcxml:datafield>
            <marcxml:datafield tag="100" ind1="1" ind2=" ">
              <marcxml:subfield code="a">Foss, Lukas,</marcxml:subfield>
              <marcxml:subfield code="d">1922-2009</marcxml:subfield>
            </marcxml:datafield>
            <marcxml:datafield tag="370" ind1=" " ind2=" ">
              <marcxml:subfield code="a">Berlin (Germany)</marcxml:subfield>
              <marcxml:subfield code="b">Manhattan (New York, N.Y.)</marcxml:subfield>
              <marcxml:subfield code="2">naf</marcxml:subfield>
            </marcxml:datafield>
            <marcxml:datafield tag="372" ind1=" " ind2=" ">
              <marcxml:subfield code="a">Music</marcxml:subfield>
              <marcxml:subfield code="2">lcsh</marcxml:subfield>
            </marcxml:datafield>
            <marcxml:datafield tag="374" ind1=" " ind2=" ">
              <marcxml:subfield code="a">Composers</marcxml:subfield>
              <marcxml:subfield code="2">lcsh</marcxml:subfield>
            </marcxml:datafield>
            <marcxml:datafield tag="374" ind1=" " ind2=" ">
              <marcxml:subfield code="a">Conductors (Music)</marcxml:subfield>
              <marcxml:subfield code="2">lcsh</marcxml:subfield>
            </marcxml:datafield>
            <marcxml:datafield tag="374" ind1=" " ind2=" ">
              <marcxml:subfield code="a">Pianists</marcxml:subfield>
              <marcxml:subfield code="2">lcsh</marcxml:subfield>
            </marcxml:datafield>
            <marcxml:datafield tag="375" ind1=" " ind2=" ">
              <marcxml:subfield code="a">Males</marcxml:subfield>
              <marcxml:subfield code="2">lcdgt</marcxml:subfield>
            </marcxml:datafield>
            <marcxml:datafield tag="400" ind1="1" ind2=" ">
              <marcxml:subfield code="a">Fuchs, Lukas,</marcxml:subfield>
              <marcxml:subfield code="d">1922-2009</marcxml:subfield>
            </marcxml:datafield>
            <marcxml:datafield tag="400" ind1="1" ind2=" ">
              <marcxml:subfield code="a">Foss, Lucas,</marcxml:subfield>
              <marcxml:subfield code="d">1922-2009</marcxml:subfield>
            </marcxml:datafield>
            <marcxml:datafield tag="510" ind1="2" ind2=" ">
              <marcxml:subfield code="w">r</marcxml:subfield>
              <marcxml:subfield code="i">Founded corporate body:</marcxml:subfield>
              <marcxml:subfield code="a">Foss Festival Players</marcxml:subfield>
            </marcxml:datafield>
            <marcxml:datafield tag="670" ind1=" " ind2=" ">
              <marcxml:subfield code="a">Author's Compositions for the piano, 1938.</marcxml:subfield>
            </marcxml:datafield>
            <marcxml:datafield tag="670" ind1=" " ind2=" ">
              <marcxml:subfield code="a">Int ww in music, 8th</marcxml:subfield>
              <marcxml:subfield code="b">(Foss, Lukas; b. 8-15-1922, Berlin; composer, conductor, pianist)</marcxml:subfield>
            </marcxml:datafield>
            <marcxml:datafield tag="670" ind1=" " ind2=" ">
              <marcxml:subfield code="a">His Solo observed, 1982 :</marcxml:subfield>
              <marcxml:subfield code="b">cover (Solo observed....by Lucas Foss)</marcxml:subfield>
            </marcxml:datafield>
            <marcxml:datafield tag="670" ind1=" " ind2=" ">
              <marcxml:subfield code="a">New Grove, 2nd ed. WWW site, May 29, 2003</marcxml:subfield>
              <marcxml:subfield code="b">(Foss (Fuchs), Lukas; b. Aug. 15, 1922, Berlin; American composer, conductor and pianist)</marcxml:subfield>
            </marcxml:datafield>
            <marcxml:datafield tag="670" ind1=" " ind2=" ">
              <marcxml:subfield code="a">New York times, Feb. 2, 2009</marcxml:subfield>
              <marcxml:subfield code="b">(Lukas Foss, 86, composer, pianist, and conductor; b. Lukas Fuchs, probably Aug. 15, 1922, Berlin; (in 1997, when he was honored with several concerts of his music on his 75th birthday, he said that he was not entirely sure when he was born); d. Feb. 1, 2009, Manhattan, N.Y.)</marcxml:subfield>
            </marcxml:datafield>
          </marcxml:record>
